<?xml version='1.0' encoding='utf-8'?>
<record xmlns="http://www.loc.gov/MARC21/slim" xmlns:xsi="http://www.w3.org/2001/XMLSchema-instance">
  <leader>^^^^^cam^a22002531^^4500</leader>
  <controlfield tag="001">003930713</controlfield>
  <controlfield tag="005">20020604000000.0</controlfield>
  <controlfield tag="006">m^^^^^^^^d^^^^^^^^</controlfield>
  <controlfield tag="007">cr^bn^---auaua</controlfield>
  <controlfield tag="008">951030s1960^^^^miua^^^^^^^^^^00000beng^d</controlfield>
  <datafield tag="010" ind1=" " ind2=" ">
    <subfield code="a">61063097</subfield>
  </datafield>
  <datafield tag="035" ind1=" " ind2=" ">
    <subfield code="a">(CaOTULAS)176599922</subfield>
  </datafield>
  <datafield tag="035" ind1=" " ind2=" ">
    <subfield code="a">(SAZTEC)194701300</subfield>
  </datafield>
  <datafield tag="035" ind1=" " ind2=" ">
    <subfield code="9">(UL)AHC4479</subfield>
  </datafield>
  <datafield tag="035" ind1=" " ind2=" ">
    <subfield code="a">(OCoLC)635452</subfield>
  </datafield>
  <datafield tag="040" ind1=" " ind2=" ">
    <subfield code="c">CarP</subfield>
    <subfield code="d">MiU-H</subfield>
  </datafield>
  <datafield tag="050" ind1="0" ind2=" ">
    <subfield code="a">F566</subfield>
    <subfield code="b">.O75</subfield>
  </datafield>
  <datafield tag="100" ind1="1" ind2=" ">
    <subfield code="a">Warner, Robert M.</subfield>
    <subfield code="q">(Robert Mark),</subfield>
    <subfield code="d">1927-2007.</subfield>
  </datafield>
  <datafield tag="245" ind1="0" ind2="0">
    <subfield code="a">Chase Salmon Osborn, 1860-1949.</subfield>
  </datafield>
  <datafield tag="260" ind1=" " ind2=" ">
    <subfield code="a">Ann Arbor,</subfield>
    <subfield code="b">University of Michigan</subfield>
    <subfield code="c">[1960]</subfield>
  </datafield>
  <datafield tag="300" ind1=" " ind2=" ">
    <subfield code="a">30 p.</subfield>
    <subfield code="b">illus.</subfield>
    <subfield code="c">23 cm.</subfield>
  </datafield>
  <datafield tag="538" ind1=" " ind2=" ">
    <subfield code="a">Mode of access: Internet.</subfield>
  </datafield>
  <datafield tag="600" ind1="1" ind2="0">
    <subfield code="a">Osborn, Chase S.</subfield>
    <subfield code="q">(Chase Salmon),</subfield>
    <subfield code="d">1860-1949.</subfield>
  </datafield>
  <datafield tag="773" ind1="1" ind2=" ">
    <subfield code="a">Bentley Historical Library</subfield>
    <subfield code="t">Bentley Historical Library publications</subfield>
    <subfield code="w">APK6419</subfield>
  </datafield>
  <datafield tag="830" ind1=" " ind2="0">
    <subfield code="a">Bulletin (Michigan Historical Collections)</subfield>
    <subfield code="v">no. 10.</subfield>
  </datafield>
  <datafield tag="852" ind1="8" ind2=" ">
    <subfield code="a">MiU-H</subfield>
    <subfield code="b">BENT</subfield>
    <subfield code="h">0052 Bimu 2</subfield>
  </datafield>
  <datafield tag="998" ind1=" " ind2=" ">
    <subfield code="c">MLJ</subfield>
    <subfield code="s">9662</subfield>
  </datafield>
  <datafield tag="LKR" ind1=" " ind2=" ">
    <subfield code="a">UP</subfield>
    <subfield code="b">002748125</subfield>
    <subfield code="l">MIU01</subfield>
    <subfield code="r">773</subfield>
    <subfield code="m">Chase Salmon Osborn, 1860-1949.</subfield>
    <subfield code="n">[Bentley Historical Library publications].</subfield>
  </datafield>
  <datafield tag="955" ind1=" " ind2=" ">
    <subfield code="b">BENT</subfield>
    <subfield code="p">39015071134327</subfield>
  </datafield>
  <datafield tag="955" ind1=" " ind2=" ">
    <subfield code="b">BENT</subfield>
    <subfield code="p">B1678418</subfield>
  </datafield>
</record>
